@misc{Hohls,
  doi = {10.15488/5738},
  url = {https://www.repo.uni-hannover.de/handle/123456789/5790},
  author = {Hohls,  Frank},
  keywords = {Quantum hall effect,  plateau transition,  scaling,  Dewey Decimal Classification::500 | Naturwissenschaften::530 | Physik},
  language = {de},
  title = {Der Plateau-\"{U}bergang im Quanten-Hall-Effekt : Experimente zur Temperatur- und Frequenzabh\"{a}ngigkeit},
  publisher = {Hannover : Universit\"{a}t},
  year = {2000},
  copyright = {Es gilt deutsches Urheberrecht. Das Dokument darf zum eigenen Gebrauch kostenfrei genutzt,  aber nicht im Internet bereitgestellt oder an Au√üenstehende weitergegeben werden.}
}